@online{timescaledb,
author = "TimescaleDB",
title = "What is time-series data?",
url = "https://docs.timescale.com/timescaledb/latest/overview/what-is-time-series-data/#characteristics",
addendum = "(last accessed: 03/08/2021)"
}


@online{timescaledbperformance,
author = "TimescaleDB",
title = "How hypertables help with times-series data.",
url = "https://docs.timescale.com/timescaledb/latest/getting-started/create-hypertable/##how-hypertables-help-with-times-series-data",
addendum = "(last accessed: 04/08/2021)"
}

@online{nsqurl,
author = "NSQ",
title = "Landing page del progetto NSQ.",
url = "https://nsq.io/",
addendum = "(last accessed: 04/08/2021)"
}

@online{nsqfeat,
author = "NSQ",
title = "Landing page del progetto NSQ.",
url = "https://nsq.io/overview/features_and_guarantees.html",
addendum = "(last accessed: 04/08/2021)"
}

@online{miniourl,
author = "MinIO",
title = "Landing page del progetto MinIO.",
url = "https://min.io/",
addendum = "(last accessed: 04/08/2021)"
}

@online{seismocloud,
author = "SeismoCloud",
title = "Il sito web ufficiale di SeismoCloud.",
url = "https://www.seismocloud.com/it/",
addendum = "(last accessed: 05/08/2021)"
}

@online{rpi,
author = "Raspberry Pi Foundation",
title = "Il sito web ufficiale della Raspberry Pi Foundation.",
url = "https://www.raspberrypi.org/",
addendum = "(last accessed: 05/08/2021)"
}

@online{nodemcu,
author = "NodeMCU",
title = "Il sito web del progetto NodeMCU.",
url = "http://www.nodemcu.com/index_en.html",
addendum = "(last accessed: 05/08/2021)"
}

@online{seismogit,
author = "SeismoCloud",
title = "Link alla repository per la creazione del sismometro.",
url = "https://github.com/sapienzaapps/seismocloud-sensor-nodemcu",
addendum = "(last accessed: 05/08/2021)"
}

@online{git,
author = "Git",
title = "Pagina web ufficiale del software Git.",
url = "https://git-scm.com/",
addendum = "(last accessed: 05/08/2021)"
}

@article{enricobassetti,
author = "Enrico Bassetti",
title = "Ottimizzazione delle risorse nellâ€™uso di servizi
in background in SeismoCloud per Android."
}

@online{pandas,
author = "Pandas",
title = "Pagina web della libreria Pandas del linguaggio di programmazione Python.",
url = "https://pandas.pydata.org/",
addendum = "(last accessed: 15/08/2021)"
}

@online{excel,
author = "Microsoft",
title = "Pagina web del software Microsoft Excel.",
url = "https://www.microsoft.com/it-it/microsoft-365/excel",
addendum = "(last accessed: 15/08/2021)"
}

@online{geojson,
author = "Howard Butler Martin Daly Allan Doyle Sean Gillies Tim Schaub Christopher Schmidt",
title = "Pagina web del rfc per GeoJSON.",
url = "https://datatracker.ietf.org/doc/html/rfc7946",
addendum = "(last accessed: 15/08/2021)"
}
@online{json,
title = "Pagina web del formato JSON.",
url = "https://json.org/json-it.html",
addendum = "(last accessed: 15/08/2021)"
}
@online{hdf5,
author = "HDF Group",
title = "Pagina web del formato HDF5.",
url = "https://www.hdfgroup.org/",
addendum = "(last accessed: 15/08/2021)"
}

@online{miniseed,
title = "Pagina web del formato miniSEED.",
url = "http://ds.iris.edu/ds/nodes/dmc/data/formats/miniseed/",
addendum = "(last accessed: 15/08/2021)"
}

@online{openapi,
title = "Pagina web della specifica OpenAPI, anche conosciuta con il nome di specifica Swagger.",
url = "https://swagger.io/specification/",
addendum = "(last accessed: 16/08/2021)"
}

@online{telegram,
title = "Pagina ufficiale del servizio di messaggistica istantanea Telegram.",
url = "https://telegram.org/",
addendum = "(last accessed: 16/08/2021)"
}

@online{zip,
title = "Registazione del content-type application/zip",
url = "https://www.iana.org/assignments/media-types/application/zip",
addendum = "(last accessed: 16/08/2021)"
}

@online{go,
title = "Pagina ufficiale del linguaggio di programmazione Go.",
url = "https://golang.org/",
addendum = "(last accessed: 19/08/2021)"
}

@article{emanuelepetriglia,
author = "Emanuele Petriglia",
title = "Progettazione e sviluppo delle API in linguaggio
Go per il sistema di messaggistica domain-specific
di SeismoCloud."
}

@online{tensorflow,
title = "Pagina web che mostra l'uso di HDF5.",
url = "https://www.tensorflow.org/tutorials/keras/save_and_load",
addendum = "(last accessed: 20/08/2021)"
}

@online{mqtt,
title = "Pagina web del protocollo MQTT.",
url = "https://mqtt.org/",
addendum = "(last accessed: 25/08/2021)"
}

